
@online{ref1,
	title = {flat icon},
	author={Image},
	url = {http://www.flaticon.com},
	note = {consulté le 1\up{er} avril 2016}
}

@article{reptemps,
	title = {Représentations et perception du temps},
	author = {Tordjman, Sylvie},
	journal = {L'Encéphale},
	number = {41},
	year = {2015},
	month = {02},
	pages={1--14},
}

@online{wikineuro,
	title = {Neurosciences},
	author = {Wikipedia},
	url = {https://fr.wikipedia.org/wiki/Neurosciences},
	note = {consulté le 1\up{er} avril 2016}
}

@online{foncExec,
	title = {Fonctions exécutives},
	author = {Wikipedia},
	url = {https://fr.wikipedia.org/wiki/Fonctions_ex%C3%A9cutives},
	note = {consulté le 10 août 2016}
}

@online{bottomupTopdown,
	title = {Top-down and bottom-up design},
	author = {Wikipedia},
	url = {https://en.wikipedia.org/wiki/Top-down_and_bottom-up_design},
	note = {consulté le 7 août 2016}
}

@online{infographie,
	title = {Infographie},
	author = {Images},
	url = {https://fr.wikipedia.org/wiki/Neurosciences#Organisation_du_champ_des_neurosciences},
	note = {consulté le 12 août 2016. Images : \texttt{\url{https://upload.wikimedia.org/wikipedia/commons/9/93/Human.svg} \url{https://upload.wikimedia.org/wikipedia/commons/0/0e/} \url{https://upload.wikimedia.org/wikipedia/commons/b/b8/EyeWirers_complete_J_Cell_2.jpg Lobes_of_the_brain_NL.svg} \url{http://www.clker.com/cliparts/1/5/b/3/12067397712024942328neuron.svg.hi.png} \url{http://www.clker.com/cliparts/1/f/9/6/1240169267373442222qubodup_Chemical_Synapse.svg.med.png}})}
}

@article{justice,
	title = {Neurosciences au palais de justice},
	author = {Gazzaniga, Michael},
	journal = {Cerveau \& Psycho},
	number = {47},
	year = {2011},
	month = {10},
	note = {consulté en ligne le 3 mai 2016}
}

@article{pedagogie,
	title = {Neurosciences et pédagogie : 
	vers un partenariat},
	author = {Chaubert, Alain and Christin, Nicolas and Clottu, Régine and Paley, Jean-Louis},
	journal = {Prismes},
	number = {12},
	year = {2010},
	month = {05},
	pages = {4},
}

@article{emotionsTemps,
	title={Time perception, emotions and mood disorders},
	author={Droit-Volet, Sylvie},
	journal={Journal of Physiology-Paris},
	volume={107},
	number={4},
	year={2013},
	month = {09},
	pages={255--264},
}

@online{perceptionTemps,
	title = {Perception du temps},
	author = {Wikipedia},
	url = {https://fr.wikipedia.org/wiki/Perception_du_temps},
	note = {consulté le 12 août 2016.}
}

@article{tempsEtIllusions,
	title = {Perception du temps et illusions temporelles },
	author = {Droit-Volet, Sylvie},
	journal = {Cerveau \& Psycho},
	number = {32},
	year = {2009},
	month = {03},
	pages={40--45},
}

@article{basePerception,
	title = {Les bases neuronales de la perception du temps},
	author = {Pouthas, Viviane},
	journal = {Cerveau \& Psycho},
	number = {32},
	year = {2009},
	month = {03},
	pages={48--53},
}

@article{emotionsTemps2,
	title = {Le sens du temps sous l'empire des émotions},
	author = {Gil, Sandrine and Droit-Volet, Sylvie},
	journal = {Cerveau \& Psycho},
	number = {32},
	year = {2009},
	month = {03},
	pages={45--47},
}

@online{augustin,
	title = {Réflexion de saint Augustin d'Hippone à propos du temps},
	author={Wikipedia},
	url = {https://fr.wikipedia.org/wiki/Augustin_d%27Hippone#Temps_et_commencement},
	note = {consulté le 22 août 2016}
}

@article {gibbon1984,
	author = {Gibbon, John and Church, Russel M. and Meck, Warren H.},
	title = {Scalar Timing in Memory},
	journal = {Annals of the New York Academy of Sciences},
	volume = {423},
	number = {1},
	publisher = {Blackwell Publishing Ltd},
	pages = {52--77},
	year = {1984},
}

@article{wearden1988,
	author = {Wearden, John. H. and McShane, Bairbre},
	title = {Interval production as an analogue of the peak procedure: Evidence for similarity of human and animal timing processes},
	journal = {The Quarterly Journal of Experimental Psychology Section B},
	volume = {40},
	number = {4},
	pages = {363-375},
	year = {1988},
}

@article {jasselette,
	author = {Jasselette, Pierre and Lejeune, Helga and Wearden, John. H.},
	title = {The perching response and the laws of animal timing. },
	journal = {Journal of Experimental Psychology: Animal Behavior Processes},
	volume = {16},
	number = {2},
	publisher = {Blackwell Publishing Ltd},
	pages = {150--161},
	year = {1990},
}

@online{vidnul,
	title = {Vidéo ennuyante},
	author={Youtube},
	url = {https://www.youtube.com/watch?v=vqJ0rN48zSU},
	note = {consulté le 9 mai 2016}
}

@online{vidcool,
	title = {Vidéo intéressante},
	author={Youtube},
	url = {https://www.youtube.com/watch?v=5CG-XIuRMjE},
	note = {consulté le 9 mai 2016}
}

@online{imgtitre,
	title = {Fond de la couverture},
	author={Image},
	url = {https://static.pexels.com/photos/4090/time-train-station-clock-deadline.jpg},
	note = {consulté le 29 juin 2016}
}

@online{imgheader1,
	title = {Entête 1},
	author={Image},
	url = {https://stocksnap.io/photo/UE1U5BX3XL },
	note = {consulté le 29 juin 2016}
}

@online{imgheader2,
	title = {Entête 2},
	author={Image},
	url = {http://img0.mxstatic.com/wallpapers/e74eb4003cf96b3e93b6af7a42cc1a80_large.jpeg (http://www.maxisciences.com/temps/wallpaper)},
	note = {consulté le 29 juin 2016}

}

@online{set,
	title = {Scalar expectancy},
	author={Wikipedia},
	url = {https://en.wikipedia.org/wiki/Scalar_expectancy},
	note = {consulté le 12 septembre 2016}
}

@online{weber,
	title = {Loi de Weber-Fechner},
	author={Wikipedia},
	url = {https://fr.wikipedia.org/wiki/Loi_de_Weber-Fechner},
	note = {consulté le 10 septembre 2016}
}

@book{analysedonnees,
	title = {Initiation à l'analyse des données},
	author = {de Lagarde, Jean},
	date = {1995},
	OPTnote = {note},
	publisher = {Dunod},
	isbn = {2100026100},
	OPTchapter = {chapter},
	OPTpages = {pages},
	pagetotal = {163},
}

@book{burnhamAnderson,
	title = {Model Selection and Multimodel Inference},
	author = {Burnham, Kenneth P. and Anderson, David R.},
	date = {2003},
	edition ={2},
	publisher = {Springer},
	isbn = {0-387-95364-7},
	chapter = {5.3},
	pages = {245},
	pagetotal = {488},
}

@unpublished{imgPouthas,
	author = {Pouthas, Viviane},
	title = {Mécanismes psychologiques et neuronaux
	impliqués dans la perception du temps},
	note = {Slide 13},
	year = {2003},
	howpublished = {Présentation Powerpoint},
	url = {ftp://ftp.cea.fr/pub/dsv/madic/concarneau03/intervenants/VivianePouthas/Pouthas1.ppt},
}

métabolisme et perception du temps
http://www.sciencedirect.com/science/article/pii/S0003347213003060

alderson, M.J. (1974). Effect of increased body temperature on the perception
of time. Nursing Research, 23, 42-49

François,   M.   (1927).   Contributions   à   l’étude   du   sens   du   temps:   La température   interne   comme   facteur   de   variation   de l’appréciation subjective des durées. L’Année Psychologique, 27, 186-204