
@online{ref1,
	title = {flat icon},
	author={Libre},
	url = {http://www.flaticon.com},
	note = {consulté le 1\up{er} avril 2016}
}

@article{reptemps,
	title = {Représentations et perception du temps},
	author = {Tordjman, Sylvie},
	journal = {L'Encéphale},
	number = {41},
	year = {2015},
	month = {feb},
	pages={1--14},
}

@online{wikineuro,
	title = {Neurosciences},
	author = {Wikipedia},
	url = {https://fr.wikipedia.org/wiki/Neurosciences},
	note = {consulté le 1\up{er} avril 2016}
}

@online{bottomupTopdown,
	title = {Top-down and bottom-up design},
	author = {Wikipedia},
	url = {https://en.wikipedia.org/wiki/Top-down_and_bottom-up_design},
	note = {consulté le 7 août 2016}
}

@article{justice,
	title = {Neurosciences au palais de justice},
	author = {Gazzaniga, Michael},
	journal = {Cerveau \& Psycho},
	number = {47},
	year = {2011},
	month = {oct},
	note = {consulté en lige le 30 mars 2016}
}

@article{pedagogie,
	title = {Neurosciences et pédagogie : 
	vers un partenariat},
	author = {Chaubert, Alain and Christin, Nicolas and Clottu, Régine and Paley, Jean-Louis},
	journal = {Prismes},
	number = {12},
	year = {2010},
	month = {may},
	pages = {4},
}

@article{emotiontemps,
	title={Time perception, emotions and mood disorders},
	author={Droit-Volet,  Sylvie},
	journal={Journal of Physiology-Paris},
	volume={107},
	number={4},
	pages={255--264},
	year={2013},
}

@online{vidnul,
	title = {Vidéo ennuyante},
	author={Youtube},
	url = {https://www.youtube.com/watch?v=vqJ0rN48zSU},
	note = {consulté le 9 mai 2016}
}

@online{vidcool,
	title = {Vidéo intéressante},
	author={Youtube},
	url = {https://www.youtube.com/watch?v=5CG-XIuRMjE},
	note = {consulté le 9 mai 2016}
}

@online{imgtitre,
	title = {Fond de la couverture},
	author={Libre},
	url = {https://static.pexels.com/photos/4090/time-train-station-clock-deadline.jpg},
	note = {consulté le 29 juin 2016}
}

@online{imgheader1,
	title = {Entête 1},
	author={Libre},
	url = {https://stocksnap.io/photo/UE1U5BX3XL },
	note = {consulté le 29 juin 2016}
}

@online{imgheader2,
	title = {Entête 2},
	author={libre},
	url = {http://img0.mxstatic.com/wallpapers/e74eb4003cf96b3e93b6af7a42cc1a80_large.jpeg (http://www.maxisciences.com/temps/wallpaper)},
	note = {consulté le 29 juin 2016}

}
@book{analysedonnees,
	title = {Initiation à l'analyse des données},
	author = {de Lagarde, Jean},
	date = {1995},
	OPTnote = {note},
	publisher = {Dunod},
	isbn = {2100026100},
	OPTchapter = {chapter},
	OPTpages = {pages},
	pagetotal = {163},
}